@inproceedings{muller2001case,
    title={Case study: extreme programming in a university environment},
    author={M{\"u}ller, Matthias M and Tichy, Walter F},
    booktitle={Proceedings of the 23rd international conference on Software engineering},
    pages={537--544},
    year={2001},
    organization={IEEE Computer Society}
}

@misc{copeland_2001, 
    title={Extreme Programming}, 
    url={https://www.computerworld.com/article/2585634/app-development/extreme-programming.html}, journal={Computerworld}, 
    publisher={Computerworld}, 
    author={Copeland, Lee}, 
    year={2001}, 
    month={Dec}
}

@book{myers2011art,
  title={The art of software testing},
  author={Myers, Glenford J and Sandler, Corey and Badgett, Tom},
  year={2011},
  publisher={John Wiley \& Sons}
}

@book{martin2002agile,
  title={Agile software development: principles, patterns, and practices},
  author={Martin, Robert C},
  year={2002},
  publisher={Prentice Hall}
}

@article{dobing2006uml,
  title={How UML is used},
  author={Dobing, Brian and Parsons, Jeffrey},
  journal={Communications of the ACM},
  volume={49},
  number={5},
  pages={109--113},
  year={2006},
  publisher={ACM}
}

@inproceedings{hannemann2002design,
  title={Design pattern implementation in Java and AspectJ},
  author={Hannemann, Jan and Kiczales, Gregor},
  booktitle={ACM Sigplan Notices},
  volume={37},
  number={11},
  pages={161--173},
  year={2002},
  organization={ACM}
}